@manual{V207,
  author = "TU Dortmund",
  title = "Versuch 207 zum Literaturverzeichnis",
  year = "2018"
}
