@manual{US1,
  author = "TU Dortmund",
  title = "Versuch US1 - Grundlagen der Ultraschalltechnik",
  year = "2019"
} %c im Auge, Bild Augenmodell, 

@article{auge,
  title = "9.2 Optische Instrumente - Das Auge",
  url = "http://www.geometrische-optik.de/OPTIK-Texte-html/Kapitel92_Optische%20Instrumente-Auge.htm",
  year = "2019" 
} %Ma√üe im Auge

@article{c
  title = "Schallgeschwindigkeiten im Material",
  url = "https://www.olympus-ims.com/de/ndt-tutorials/thickness-gage/appendices-velocities/",
  year = "2019"
} %Schallgeschwindigkeiten in Wasser und Acryl



@article{
  title = "",
  url = "",
  year = ""
}

@article{matplotlib,
  author = "Hunter, John D.",
  title = "{Matplotlib}: A {2D} Graphics Environment",
  publisher = "IEEE",
  year = "2007",
  journal = "Computing in Science \& Engineering",
  volume = "9",
  number = "3",
  pages = "90--95",
  url = "http://matplotlib.org/",
  version = "1.4.3",
}

@article{numpy,
  author = "Oliphant, Travis E.",
  title = "{NumPy}: {Python} for Scientific Computing",
  publisher = "IEEE",
  year = "2007",
  journal = "Computing in Science \& Engineering",
  volume = "9",
  number = "3",
  pages = "10--20",
  url = "http://www.numpy.org/",
  version = "1.9.2",
}

@article{scipy,
  author = "Jones, Eric and Oliphant, Travis E. and Peterson, Pearu and others",
  title = "{SciPy}: Open source scientific tools for {Python}",
  url = "http://www.scipy.org/",
  version = "0.16.0",
}

@article{uncertainties,
  author = "Lebigot, Eric O.",
  title = "Uncertainties: a Python package for calculations with uncertainties",
  url = "http://pythonhosted.org/uncertainties/",
  version = "2.4.6.1"
}
