@manual{V353,
  author = {TU Dortmund},
  title = {Versuch 353 zum Literaturverzeichnis},
  year = 2018
}
