@article{versuch,
  author = "TU Dortmund",
  title = "Versuch 353 - Das Relaxationsverhalten eines RC-Kreises",
  url = http://129.217.224.2/HOMEPAGE/PHYSIKER/BACHELOR/AP/SKRIPT/V353.pdf,
  year = "2018",
}
