@manual{V206,
  author = "TU Dortmund",
  title = "Versuch 206 zum Literaturverzeichnis",
  year = "2018"
}
