@manual{V354,
  author = "TU Dortmund",
  title = "Versuch zum Literaturverzeichnis",
  year = "2018"
}
