@manual{V204,
  author = "TU Dortmund",
  title = "Versuch 204 - WÃ¤rmeleitung von Metallen",
  year = "2018",
  URL = "http://129.217.224.2/HOMEPAGE/PHYSIKER/BACHELOR/AP/SKRIPT/Waermeleitf.pdf"
}
