@manual{V302,
  author = "TU Dortmund",
  title = "Versuch 302 - Elektrische Br√ºckenschaltungen",
  year = "2018",
  url = "http://129.217.224.2/HOMEPAGE/PHYSIKER/BACHELOR/AP/SKRIPT/V302.pdf"
}
