@manual{V303,
  author = "TU Dortmund",
  title = "Versuch 303: Der Lock-In-Verst√§rker",
  URL = "http://129.217.224.2/HOMEPAGE/PHYSIKER/BACHELOR/AP/SKRIPT/LockIn.pdf",
  year = "2018"
}
