@manual{V<++>,
  author = "TU Dortmund",
  title = "Versuch 206 - Die WÃ¤rmepumpe",
  year = "2018",
  URL = "http://129.217.224.2/HOMEPAGE/PHYSIKER/BACHELOR/AP/SKRIPT/V206.pdf"
  }
