@manual{anleitung103,
author = "TU Dortmund",
title: "Versuch Nr. 103 Biegung elastischer St√§be",
year = 2018, 
}

%Abbildungen aus dem Internet
%@online author = "",title = "",date = "",}