@manual{V207,
  author = "TU Dortmund",
  title = "Versuch 207 - Das Kugelfall-Viskosimeter nach HÃ¶ppler",
  year = "2018",
  URL = "http://129.217.224.2/HOMEPAGE/PHYSIKER/BACHELOR/AP/SKRIPT/Viskositaet.pdf"
}
