@manual{V308,
  author = "TU Dortmund",
  title = "Versuch 308 - Spulen und Magnetfelder",
  url = "http://129.217.224.2/HOMEPAGE/PHYSIKER/BACHELOR/AP/SKRIPT/Magnetfeld.pdf",
  year = "2018"
}
