@manual{V23,
  title = "V23 - Quanten Analogien",
  author = "TU Dortmund",
  year = "2020",
  url = "https://moodle.tu-dortmund.de/pluginfile.php/1136040/mod_resource/content/3/V23-Juli20.pdf"
}

@manual{QM1,
  author = "Bernd-Uwe Runge",
  title = "Quantenmodelle - Teil 1",
  year = "2020",
  url = "https://ap.physik.uni-konstanz.de/AP-public/Anleitungen/Quantenmodelle-Teil1.pdf"
}

@manual{QM2,
  author = "Bernd-Uwe Runge",
  title = "Quantenmodelle - Teil 2",
  year = "2020",
  url = "https://ap.physik.uni-konstanz.de/AP-public/Anleitungen/Quantenmodelle-Teil2.pdf"
}

@misc{matplotlib,
  author = "Hunter, John D.",
  title = "{Matplotlib}: A {2D} Graphics Environment",
  url = "http://matplotlib.org/",
  version = "3.3.0",
}

@misc{numpy,
  author = "Oliphant, Travis E.",
  title = "{NumPy}: {Python} for Scientific Computing",
  url = "http://www.numpy.org/",
  version = "1.19",
}

@misc{scipy,
  author = "Jones, Eric and Oliphant, Travis E. and Peterson, Pearu and others",
  title = "{SciPy}: Open source scientific tools for {Python}",
  url = "http://www.scipy.org/",
  version = "1.5.2",
}

@misc{uncertainties,
  author = "Lebigot, Eric O.",
  title = "Uncertainties: a Python package for calculations with uncertainties",
  url = "http://pythonhosted.org/uncertainties/",
  version = "3.1.4"
}

@misc{speed,
title={E6BX Online - World's most popular aviation calculator},
author={E6B},
url={https://e6bx.com/speed-of-sound/}
}

